<?xml version="1.0" encoding="UTF-8"?><record xmlns="http://www.loc.gov/MARC21/slim" xmlns:cinclude="http://apache.org/cocoon/include/1.0" xmlns:zs="http://www.loc.gov/zing/srw/">
  <leader>01194nz  a2200253n  4500</leader>
  <controlfield tag="001">no2014005425</controlfield>
  <controlfield tag="003">DLC</controlfield>
  <controlfield tag="005">20140116073526.0</controlfield>
  <controlfield tag="008">140115n| azannaabn          |a aaa     c</controlfield>
  <datafield tag="010" ind1=" " ind2=" ">
    <subfield code="a">no2014005425</subfield>
  </datafield>
  <datafield tag="035" ind1=" " ind2=" ">
    <subfield code="a">(OCoLC)oca09656790</subfield>
  </datafield>
  <datafield tag="040" ind1=" " ind2=" ">
    <subfield code="a">DGW-L</subfield>
    <subfield code="b">eng</subfield>
    <subfield code="e">rda</subfield>
    <subfield code="c">DGW-L</subfield>
  </datafield>
  <datafield tag="046" ind1=" " ind2=" ">
    <subfield code="f">19780312</subfield>
  </datafield>
  <datafield tag="100" ind1="1" ind2=" ">
    <subfield code="a">Knook, Allard,</subfield>
    <subfield code="d">1978-</subfield>
  </datafield>
  <datafield tag="370" ind1=" " ind2=" ">
    <subfield code="a">Leiden (Netherlands)</subfield>
    <subfield code="c">Netherlands</subfield>
    <subfield code="2">naf</subfield>
  </datafield>
  <datafield tag="372" ind1=" " ind2=" ">
    <subfield code="a">Constitutional courts</subfield>
    <subfield code="a">Constitutional law</subfield>
    <subfield code="2">lcsh</subfield>
  </datafield>
  <datafield tag="374" ind1=" " ind2=" ">
    <subfield code="a">Lawyers</subfield>
    <subfield code="a">Authors</subfield>
    <subfield code="2">lcsh</subfield>
  </datafield>
  <datafield tag="375" ind1=" " ind2=" ">
    <subfield code="a">male</subfield>
  </datafield>
  <datafield tag="377" ind1=" " ind2=" ">
    <subfield code="a">eng</subfield>
    <subfield code="a">dut</subfield>
  </datafield>
  <datafield tag="378" ind1=" " ind2=" ">
    <subfield code="q">Allard Diederik Leonard</subfield>
  </datafield>
  <datafield tag="400" ind1="1" ind2=" ">
    <subfield code="a">Knook, A. D. L.</subfield>
    <subfield code="q">(Allard Diederik Leonard),</subfield>
    <subfield code="d">1978-</subfield>
  </datafield>
  <datafield tag="670" ind1=" " ind2=" ">
    <subfield code="a">Knook, Allard. Europe's constitutional court, 2009:</subfield>
    <subfield code="b">thesis title page (Allard Diederik Leonard Knook) page preceding title page (Allard D.L. Knook) page 295 (Allard Knook; born on 12 March 1978 in Leiden)</subfield>
  </datafield>
  <datafield tag="670" ind1=" " ind2=" ">
    <subfield code="a">OCLC database, January 15, 2014</subfield>
    <subfield code="b">(usage: Allard Knook; A.D.L. Knook; Allard Diederik Leonard Knook)</subfield>
  </datafield>
  <datafield tag="670" ind1=" " ind2=" ">
    <subfield code="a">CMS Derks Star Busmann law firm website, January 15, 2014:</subfield>
    <subfield code="b">people (Allard Knook, advocate, works in our real estate and government practice; joined CMS in 2009 after obtaining his doctorate at Utrecht University)</subfield>
  </datafield>
</record>